
@article{2010-alginahi,
	title={Preprocessing techniques in character recognition},
	author={Alginahi, Yasser},
	journal={Character recognition},
	volume={1},
	pages={1--19},
	year={2010},
	publisher={InTech}
}

@ARTICLE{1998-lecun,
	author={Y. {Lecun} and L. {Bottou} and Y. {Bengio} and P. {Haffner}},
	journal={Proceedings of the IEEE}, 
	title={Gradient-based learning applied to document recognition}, 
	year={1998},
	volume={86},
	number={11},
	pages={2278-2324},
	note={\url{http://yann.lecun.com/exdb/publis/pdf/lecun-01a.pdf} [14 juin 2020]}
}