@book{2017-cain,
	title = {Artificial Neural Networks: New Research},
	year = {2017},
	editor = {Gayle Cain},
	series = {Computer Science, Technology and Applications},
	publisher = { Nova Science Publishers},
	isbn = {978-1-63485-964-6},
}

@misc{2017-rosenberg,
	author = {David S. Rosenberg},
	title = {Loss Functions for Regression and Classification},
	date = {2017},
	howpublished = {Présentation (Bloomberg ML EDU)},
}

@book{2020-calin,
	title = {Deep Learning Architectures: A Mathematical Approach},
	year = {2020},
	author = {Ovidiu Calin},
	series = {Springer Series in the Data Sciences},
	publisher = {Springer International Publishing},
	isbn = {978-3-030-36721-3},
	doi = {10.1007/978-3-030-36721-3},
}

@article{2011-duchi-al,
	author = {Duchi, John and Hazan, Elad and Singer, Yoram},
	title = {Adaptive Subgradient Methods for Online Learning and Stochastic Optimization},
	year = {2011},
	issue_date = {2/1/2011},
	publisher = {JMLR.org},
	volume = {12},
	number = {null},
	issn = {1532-4435},
	journal = {J. Mach. Learn. Res.},
	month = jul,
	pages = {2121–2159},
	numpages = {39}
}

@inproceedings{2015-kingma-ba,
	author    = {Diederik P. Kingma and
	Jimmy Ba},
	editor    = {Yoshua Bengio and
	Yann LeCun},
	title     = {Adam: {A} Method for Stochastic Optimization},
	booktitle = {3rd International Conference on Learning Representations, {ICLR} 2015,
	San Diego, CA, USA, May 7-9, 2015, Conference Track Proceedings},
	year      = {2015},
	url       = {http://arxiv.org/abs/1412.6980},
	timestamp = {Thu, 25 Jul 2019 14:25:37 +0200},
	biburl    = {https://dblp.org/rec/journals/corr/KingmaB14.bib},
	bibsource = {dblp computer science bibliography, https://dblp.org}
}