@misc{2016-keras,
	author = {Francois Chollet},
	title = {Building Autoencoders in Keras},
	date = {2016},
	howpublished = {Tutoriel en ligne},
	note = {\url{https://blog.keras.io/building-autoencoders-in-keras.html} [10 June 2020]},
}

@inproceedings{2013-lu,
	title={Speech enhancement based on deep denoising autoencoder.},
	author={Lu, Xugang and Tsao, Yu and Matsuda, Shigeki and Hori, Chiori},
	booktitle={Interspeech},
	pages={436--440},
	year={2013}
}

@INPROCEEDINGS{2019-neji,
	author={H. {Neji} and J. {Nogueras-Iso} and J. {Lacasta} and M. {Ben Halima} and A. M. {Alimi}},
	booktitle={2019 International Conference on Document Analysis and Recognition Workshops (ICDARW)}, 
	title={Adversarial Autoencoders for Denoising Digitized Historical Documents: The Use Case of Incunabula}, 
	year={2019},
	volume={6},
	number={},
	pages={31-34},
}

@inproceedings{2017-li-al,
	title={Generative face completion},
	author={Li, Yijun and Liu, Sifei and Yang, Jimei and Yang, Ming-Hsuan},
	booktitle={Proceedings of the IEEE Conference on Computer Vision and Pattern Recognition},
	pages={3911--3919},
	year={2017}
}

